<?xml version="1.0" encoding="UTF-8"?><collection xmlns="http://www.loc.gov/MARC21/slim"><record><leader>00464nam--2200133-i-4500</leader><controlfield tag="001">000046150</controlfield><controlfield tag="002">20161230</controlfield><controlfield tag="005">20161230201045</controlfield><controlfield tag="008">060222s1000------------r-----000-0-eng-d</controlfield><datafield ind1=" " ind2=" " tag="080"><subfield code="a">620.179.15:620.19:539.2(043)</subfield></datafield><datafield ind1=" " ind2=" " tag="100"><subfield code="a">Vasiliu,Florin Dan</subfield></datafield><datafield ind1=" " ind2=" " tag="245"><subfield code="a">Studiul electrono-microscopic al efectelor microsuperficiale si defectelor de volum create prin bombardamentul cu ioni energetici in corpul solid. teza</subfield></datafield><datafield ind1=" " ind2=" " tag="260"><subfield code="a">Bucuresti, Ifin, 1977. 193 P</subfield></datafield><datafield ind1=" " ind2=" " tag="852"><subfield code="a">44744</subfield></datafield></record></collection>